@book{Rou12,
	title	=	{\XeLaTeX{} appliqué aux sciences humaines},
	author =	{Rouquette, Maïeul},
	year	=	{2012},
	month	=	{09},
	publisher	=	{Altramenta},
	location	=	{Paris},
	ISBN	=	{978-952-273-073-2},
	pages	=	{270}
}

@book{Loz08,
	title	=	{Tout ce que vous avez toujours voulu savoir sur \LaTeX{} sans jamais oser le demander},
	author	=	{Lozano, Vincent},
	year	=	{2008},
	month	=	{10},
	publisher	=	{In Libro Veritas},
	location	=	{Paris},
	ISBN	=	{978-2-35209-149-3},
	pages	=	{339}
}